<record xmlns="http://www.loc.gov/MARC21/slim" xmlns:xsi="http://www.w3.org/2001/XMLSchema-instance" xsi:schemaLocation="http://www.loc.gov/MARC21/slim http://www.loc.gov/standards/marcxml/schema/MARC21slim.xsd"><leader>02664nam a2200457   4500</leader><controlfield tag="001">001680724</controlfield><controlfield tag="003">NNU</controlfield><controlfield tag="006">m        d        </controlfield><controlfield tag="007">cr cn |||m|||a</controlfield><controlfield tag="008">150110s1970    iq ach  ob    000 0barar</controlfield><datafield ind1=" " ind2=" " tag="040"><subfield code="a">NNU</subfield><subfield code="b">eng</subfield><subfield code="e">rda</subfield><subfield code="c">NNU</subfield></datafield><datafield ind1="0" ind2="0" tag="050"><subfield code="a">PJ6064.A5</subfield><subfield code="b">A7</subfield></datafield><datafield ind1="1" ind2=" " tag="100"><subfield code="6">880-01</subfield><subfield code="a">&#256;l&#363;s&#299;, S&#257;lim</subfield></datafield><datafield ind1="1" ind2="0" tag="245"><subfield code="6">880-02</subfield><subfield code="a">Fi&#772; dhikra&#769; al-Ab al-Kirmili&#772; al-Ra&#772;hib al-&#699;alla&#772;mah /</subfield><subfield code="c">bi-qalam Sa&#772;lim al-A&#772;lu&#772;si&#772;.</subfield></datafield><datafield ind1=" " ind2=" " tag="260"><subfield code="6">880-03</subfield><subfield code="a">[Baghda&#772;d] :</subfield><subfield code="b">Mudi&#772;ri&#772;yat al-Thaqa&#772;fah al-&#699;A&#772;mmah,</subfield><subfield code="c">1970.</subfield></datafield><datafield ind1=" " ind2=" " tag="300"><subfield code="a">online resource (66 pages) :</subfield><subfield code="b">illustrations, facsimiles, portraits</subfield></datafield><datafield ind1=" " ind2=" " tag="336"><subfield code="a">text</subfield><subfield code="2">rdacontent</subfield></datafield><datafield ind1=" " ind2=" " tag="337"><subfield code="a">computer</subfield><subfield code="2">rdamedia</subfield></datafield><datafield ind1=" " ind2=" " tag="338"><subfield code="a">online resource</subfield><subfield code="2">rdacarrier</subfield></datafield><datafield ind1="1" ind2=" " tag="490"><subfield code="6">880-04</subfield><subfield code="a">Silsilat al-kutub al-h&#803;adi&#772;thah ;</subfield><subfield code="v">31</subfield></datafield><datafield ind1=" " ind2=" " tag="500"><subfield code="6">880-05</subfield><subfield code="a">"Bi-Muna&#772;sabat ih&#803;tifa&#772;l wa-za&#772;rat al-thaqa&#772;fah wa-al-i&#699;la&#772;m bi-dhikra&#769; muru&#772;r thala&#772;that wa-&#699;ishri&#772;n Sanah &#699;ala&#769; wafa&#772;t al-Kirmili&#772;."</subfield></datafield><datafield ind1=" " ind2=" " tag="500"><subfield code="a">Part of the Arabic Collections Online (ACO) project, contributed by New York Univeristy Libraries.</subfield></datafield><datafield ind1=" " ind2=" " tag="504"><subfield code="a">Includes bibliographical references.</subfield></datafield><datafield ind1=" " ind2=" " tag="533"><subfield code="a">Electronic reproduction.</subfield><subfield code="b">New York, N.Y. :</subfield><subfield code="c">New York University,</subfield><subfield code="d">2015.</subfield><subfield code="5">NNU</subfield></datafield><datafield ind1="0" ind2="0" tag="600"><subfield code="6">880-06</subfield><subfield code="a">Anist&#257;s M&#257;r&#299;,</subfield><subfield code="c">al-Karmil&#299;, ab,</subfield><subfield code="d">1866-1947</subfield></datafield><datafield ind1="0" ind2="7" tag="600"><subfield code="a">Anista&#772;s Ma&#772;ri&#772;,</subfield><subfield code="c">al-Karmili&#772;, ab,</subfield><subfield code="d">1866-1947.</subfield><subfield code="2">fast</subfield><subfield code="0">(OCoLC)fst00274796</subfield></datafield><datafield ind1="2" ind2=" " tag="710"><subfield code="a">New York University.</subfield><subfield code="b">Libraries.</subfield></datafield><datafield ind1="0" ind2=" " tag="730"><subfield code="a">Arabic Collections Online.</subfield></datafield><datafield ind1="0" ind2="8" tag="776"><subfield code="i">Online version:</subfield><subfield code="a">A&#772;lu&#772;si&#772;, Sa&#772;lim.</subfield><subfield code="t">Fi&#772; dhikra&#772; al-Ab al-Kirmili&#772; al-Ra&#772;hib al-&#699;alla&#772;mah.</subfield><subfield code="d">[Baghda&#772;d] Mudi&#772;ri&#772;yat al-Thaqa&#772;fah al-&#699;A&#772;mmah [1970]</subfield><subfield code="w">(OCoLC)569017262</subfield></datafield><datafield ind1="0" ind2="8" tag="776"><subfield code="i">Print version:</subfield><subfield code="a">&#256;l&#363;s&#299;, S&#257;lim 880-01</subfield><subfield code="t">Fi&#772; dhikra&#769; al-Ab al-Kirmili&#772; al-Ra&#772;hib al-&#699;alla&#772;mah</subfield><subfield code="w">(NNU)001680724</subfield><subfield code="w">(DLC)   78251855</subfield></datafield><datafield ind1="4" ind2="0" tag="856"><subfield code="u">http://hdl.handle.net/2333.1/cz8w9j9r</subfield></datafield><datafield ind1="1" ind2=" " tag="880"><subfield code="6">100-01/</subfield><subfield code="a">&#1570;&#1604;&#1608;&#1587;&#1610;&#1548; &#1587;&#1575;&#1604;&#1605;.</subfield></datafield><datafield ind1="1" ind2="0" tag="880"><subfield code="6">245-02/</subfield><subfield code="a">&#1601;&#1610; &#1584;&#1603;&#1585;&#1609; &#1575;&#1604;&#1575;&#1576; &#1575;&#1604;&#1603;&#1585;&#1605;&#1604;&#1610; &#1575;&#1604;&#1585;&#1575;&#1607;&#1576; &#1575;&#1604;&#1593;&#1604;&#1575;&#1605;&#1577; /</subfield><subfield code="c">&#1576;&#1602;&#1604;&#1605; &#1587;&#1575;&#1604;&#1605; &#1575;&#1604;&#1575;&#1604;&#1608;&#1587;&#1610;.</subfield></datafield><datafield ind1=" " ind2=" " tag="880"><subfield code="6">260-03/</subfield><subfield code="a">[&#1576;&#1594;&#1583;&#1575;&#1583;] :</subfield><subfield code="b">&#1605;&#1583;&#1610;&#1585;&#1610;&#1577; &#1575;&#1604;&#1579;&#1602;&#1575;&#1601;&#1577; &#1575;&#1604;&#1593;&#1575;&#1605;&#1577;&#1548;</subfield><subfield code="c">1970.</subfield></datafield><datafield ind1="1" ind2=" " tag="880"><subfield code="6">490-04/</subfield><subfield code="a">&#1587;&#1604;&#1587;&#1604;&#1577; &#1575;&#1604;&#1603;&#1578;&#1576; &#1575;&#1604;&#1581;&#1583;&#1610;&#1579;&#1577; &#1563;</subfield><subfield code="v">31</subfield></datafield><datafield ind1=" " ind2=" " tag="880"><subfield code="6">500-05/</subfield><subfield code="a">"&#1576;&#1605;&#1606;&#1575;&#1587;&#1576;&#1577; &#1575;&#1581;&#1578;&#1601;&#1575;&#1604; &#1608;&#1586;&#1575;&#1585;&#1577; &#1575;&#1604;&#1579;&#1602;&#1575;&#1601;&#1577; &#1608;&#1575;&#1604;&#1575;&#1593;&#1604;&#1575;&#1605; &#1576;&#1584;&#1603;&#1585;&#1609; &#1605;&#1585;&#1608;&#1585; &#1579;&#1604;&#1575;&#1579;&#1577; &#1608;&#1593;&#1588;&#1585;&#1610;&#1606; &#1587;&#1606;&#1577; &#1593;&#1604;&#1609; &#1608;&#1601;&#1575;&#1578; &#1575;&#1604;&#1603;&#1585;&#1605;&#1604;&#1610;."</subfield></datafield><datafield ind1="0" ind2="4" tag="880"><subfield code="6">600-06/</subfield><subfield code="a">&#1575;&#1606;&#1587;&#1578;&#1575;&#1587; &#1605;&#1575;&#1585;&#1610;&#1548;</subfield><subfield code="c">&#1575;&#1604;&#1603;&#1585;&#1605;&#1604;&#1610;&#1548; &#1575;&#1576;&#1548;</subfield><subfield code="d">1866-1947.</subfield></datafield><datafield ind1=" " ind2="0" tag="830"><subfield code="6">880-07</subfield><subfield code="a">Silsilat al-kutub al-h&#803;adi&#772;thah ;</subfield><subfield code="v">31.</subfield></datafield><datafield ind1=" " ind2="0" tag="880"><subfield code="6">830-07/</subfield><subfield code="a">&#1587;&#1604;&#1587;&#1604;&#1577; &#1575;&#1604;&#1603;&#1578;&#1576; &#1575;&#1604;&#1581;&#1583;&#1610;&#1579;&#1577; &#1563;</subfield><subfield code="v">31.</subfield></datafield><datafield ind1=" " ind2=" " tag="959"><subfield code="a">NNU</subfield><subfield code="b">WEB</subfield><subfield code="c">GENI</subfield><subfield code="t">0</subfield><subfield code="m">Electronic access</subfield><subfield code="s">01</subfield></datafield><datafield ind1=" " ind2=" " tag="999"><subfield code="i">NNU_001680724</subfield><subfield code="o" /></datafield></record>